

@misc{DeepLearningHistory,
author = {{Tim Dettmers}},
title = {{Deep Learning in a Nutshell: History and Training}},
howpublished="\url{https://developer.nvidia.com/blog/deep-learning-nutshell-history-training/}",
year={16 Dec. 2015}
}

@book{FirstDeepNN,
	title={Cybernetics and Forecasting Techniques},
	author={Ivakhnenko, A.G. and Lapa, V.G. and Lapa, V.G. and McDonough, R.N.},
	isbn={9780444000200},
	lccn={67027815},
	series={Modern analytic and computational methods in science and mathematics},
	url={https://books.google.tn/books?id=rGFgAAAAMAAJ},
	year={1967},
	publisher={American Elsevier Publishing Company}
}

@article{LeNet,  
	author={Lecun, Y. and Bottou, L. and Bengio, Y. and Haffner, P.},  
	journal={Proceedings of the IEEE},   
	title={Gradient-based learning applied to document recognition},   
	year={1998},  volume={86},  number={11},  
	pages={2278-2324},  doi={10.1109/5.726791}}

@article{OriginalSVM,
	title={Support-vector networks},
	author={Cortes, Corinna and Vapnik, Vladimir},
	journal={Machine learning},
	volume={20},
	number={3},
	pages={273--297},
	year={1995},
	publisher={Springer}
} 

@article{BNNReview,
	author    = {Chunyu Yuan and
	Sos S. Agaian},
	title     = {A comprehensive review of Binary Neural Network},
	journal   = {CoRR},
	volume    = {abs/2110.06804},
	year      = {2021},
	url       = {https://arxiv.org/abs/2110.06804},
	eprinttype = {arXiv},
	eprint    = {2110.06804},
	timestamp = {Fri, 22 Oct 2021 13:33:09 +0200},
	biburl    = {https://dblp.org/rec/journals/corr/abs-2110-06804.bib},
	bibsource = {dblp computer science bibliography, https://dblp.org}
}

@misc{ShrinkingDeepLearningCarbon,
	title={{Shrinking deep learning’s carbon footprint}},
	year={07 Aug 2021},
	author={Kim Martineau},
	url= {https://news.mit.edu/2020/shrinking-deep-learning-carbon-footprint-0807}
}

@misc{HouseCarbonFootprint,
	title={{What is the carbon footprint of a house?}},
	author={Citu Group},
	url={https://citu.co.uk/citu-live/what-is-the-carbon-footprint-of-a-house}
}

@misc{LeeSedolVsAlphaGo
	title={Go Player Finally Defeats Google’s AlphaGo After 3 Losses},
	year={14 Mar 2016}
	author={Melissa Chan},
	url={https://time.com/4257406/go-google-alphago-lee-sedol/}
}

@article{CO2Footprint,
	author    = {Emma Strubell and
	Ananya Ganesh and
	Andrew McCallum},
	title     = {Energy and Policy Considerations for Deep Learning in {NLP}},
	journal   = {CoRR},
	volume    = {abs/1906.02243},
	year      = {2019},
	url       = {http://arxiv.org/abs/1906.02243},
	eprinttype = {arXiv},
	eprint    = {1906.02243},
	timestamp = {Thu, 13 Jun 2019 13:36:00 +0200},
	biburl    = {https://dblp.org/rec/journals/corr/abs-1906-02243.bib},
	bibsource = {dblp computer science bibliography, https://dblp.org}
}

@article{BNNDefinition,
	author    = {Chunyu Yuan and
	Sos S. Agaian},
	title     = {A comprehensive review of Binary Neural Network},
	journal   = {CoRR},
	volume    = {abs/2110.06804},
	year      = {2021},
	url       = {https://arxiv.org/abs/2110.06804},
	eprinttype = {arXiv},
	eprint    = {2110.06804},
	timestamp = {Fri, 22 Oct 2021 13:33:09 +0200},
	pages = {3-4},
	biburl    = {https://dblp.org/rec/journals/corr/abs-2110-06804.bib},
	bibsource = {dblp computer science bibliography, https://dblp.org}
}

@article{OriginalBackPropagation,
	author = {Linnainmaa, Seppo},
	title = {Taylor Expansion of the Accumulated Rounding Error},
	year = {1976},
	issue_date = {Jun 1976},
	publisher = {BIT Computer Science and Numerical Mathematics},
	address = {USA},
	volume = {16},
	number = {2},
	issn = {0006-3835},
	url = {https://doi.org/10.1007/BF01931367},
	doi = {10.1007/BF01931367},
	abstract = {The article describes analytic and algorithmic methods for determining the coefficients of the Taylor expansion of an accumulated rounding error with respect to the local rounding errors, and hence determining the influence of the local errors on the accumulated error. Second and higher order coefficients are also discussed, and some possible methods of reducing the extensive storage requirements are analyzed.},
	journal = {BIT},
	month = {jun},
	pages = {146–160},
	numpages = {15},
	keywords = {Storage Requirement, Local Error, Computational Mathematic, Taylor Expansion, Rounding Error}
}

@article{LSTMPaper,
	title={Long short-term memory},
	author={Hochreiter, Sepp and Schmidhuber, J{\"u}rgen},
	journal={Neural computation},
	volume={9},
	number={8},
	pages={1735--1780},
	year={1997},
	publisher={MIT Press}
} 

@inproceedings{NIPS2012_c399862d,
	author = {Krizhevsky, Alex and Sutskever, Ilya and Hinton, Geoffrey E},
	booktitle = {Advances in Neural Information Processing Systems},
	editor = {F. Pereira and C.J. Burges and L. Bottou and K.Q. Weinberger},
	pages = {},
	publisher = {Curran Associates, Inc.},
	title = {ImageNet Classification with Deep Convolutional Neural Networks},
	url = {https://proceedings.neurips.cc/paper/2012/file/c399862d3b9d6b76c8436e924a68c45b-Paper.pdf},
	volume = {25},
	year = {2012}
}

@article{AlphaGoZeroCost,
	author = {Gibney, Elizabeth},
	year = {2017},
	month = {10},
	pages = {},
	title = {Self-taught AI is best yet at strategy game Go},
	journal = {Nature},
	doi = {10.1038/nature.2017.22858}
}

@article{SustainableAI,
	author = {Wynsberghe, Aimee},
	year = {2021},
	month = {02},
	pages = {},
	title = {Sustainable AI: AI for sustainability and the sustainability of AI},
	volume = {1},
	journal = {AI and Ethics},
	doi = {10.1007/s43681-021-00043-6}
}

@article{BinaryConnectPaper,
	author    = {Matthieu Courbariaux and
	Yoshua Bengio and
	Jean{-}Pierre David},
	title     = {BinaryConnect: Training Deep Neural Networks with binary weights during
	propagations},
	journal   = {CoRR},
	volume    = {abs/1511.00363},
	year      = {2015},
	url       = {http://arxiv.org/abs/1511.00363},
	eprinttype = {arXiv},
	eprint    = {1511.00363},
	timestamp = {Mon, 13 Aug 2018 16:47:34 +0200},
	biburl    = {https://dblp.org/rec/journals/corr/CourbariauxBD15.bib},
	bibsource = {dblp computer science bibliography, https://dblp.org}
}

@article{BinaryNetPaper,
	author    = {Matthieu Courbariaux and
	Yoshua Bengio},
	title     = {BinaryNet: Training Deep Neural Networks with Weights and Activations
	Constrained to +1 or -1},
	journal   = {CoRR},
	volume    = {abs/1602.02830},
	year      = {2016},
	url       = {http://arxiv.org/abs/1602.02830},
	eprinttype = {arXiv},
	eprint    = {1602.02830},
	timestamp = {Mon, 13 Aug 2018 16:46:57 +0200},
	biburl    = {https://dblp.org/rec/journals/corr/CourbariauxB16.bib},
	bibsource = {dblp computer science bibliography, https://dblp.org}
}

@article{XnorNetPaper,
	author    = {Mohammad Rastegari and
	Vicente Ordonez and
	Joseph Redmon and
	Ali Farhadi},
	title     = {XNOR-Net: ImageNet Classification Using Binary Convolutional Neural
	Networks},
	journal   = {CoRR},
	volume    = {abs/1603.05279},
	year      = {2016},
	url       = {http://arxiv.org/abs/1603.05279},
	eprinttype = {arXiv},
	eprint    = {1603.05279},
	timestamp = {Mon, 13 Aug 2018 16:47:22 +0200},
	biburl    = {https://dblp.org/rec/journals/corr/RastegariORF16.bib},
	bibsource = {dblp computer science bibliography, https://dblp.org}
}


@article{ABCNetPaper,
	author    = {Xiaofan Lin and
	Cong Zhao and
	Wei Pan},
	title     = {Towards Accurate Binary Convolutional Neural Network},
	journal   = {CoRR},
	volume    = {abs/1711.11294},
	year      = {2017},
	url       = {http://arxiv.org/abs/1711.11294},
	eprinttype = {arXiv},
	eprint    = {1711.11294},
	timestamp = {Mon, 13 Aug 2018 16:47:35 +0200},
	biburl    = {https://dblp.org/rec/journals/corr/abs-1711-11294.bib},
	bibsource = {dblp computer science bibliography, https://dblp.org}
}

@article{BiRealNetPaper,
	author    = {Zechun Liu and
	Baoyuan Wu and
	Wenhan Luo and
	Xin Yang and
	Wei Liu and
	Kwang{-}Ting Cheng},
	title     = {Bi-Real Net: Enhancing the Performance of 1-bit CNNs With Improved
	Representational Capability and Advanced Training Algorithm},
	journal   = {CoRR},
	volume    = {abs/1808.00278},
	year      = {2018},
	url       = {http://arxiv.org/abs/1808.00278},
	eprinttype = {arXiv},
	eprint    = {1808.00278},
	timestamp = {Thu, 12 Sep 2019 15:28:48 +0200},
	biburl    = {https://dblp.org/rec/journals/corr/abs-1808-00278.bib},
	bibsource = {dblp computer science bibliography, https://dblp.org}
}

@article{STEPaper,
	author    = {Yoshua Bengio and
	Nicholas L{\'{e}}onard and
	Aaron C. Courville},
	title     = {Estimating or Propagating Gradients Through Stochastic Neurons for
	Conditional Computation},
	journal   = {CoRR},
	volume    = {abs/1308.3432},
	year      = {2013},
	url       = {http://arxiv.org/abs/1308.3432},
	eprinttype = {arXiv},
	eprint    = {1308.3432},
	timestamp = {Mon, 13 Aug 2018 16:47:35 +0200},
	biburl    = {https://dblp.org/rec/journals/corr/BengioLC13.bib},
	bibsource = {dblp computer science bibliography, https://dblp.org}
}


@article{AdamOptimizer,
	title={Adam: A Method for Stochastic Optimization},
	author={Diederik P. Kingma and Jimmy Ba},
	journal={CoRR},
	year={2015},
	volume={abs/1412.6980}
}

@article{BopOptimizer,
	author    = {Koen Helwegen and
	James Widdicombe and
	Lukas Geiger and
	Zechun Liu and
	Kwang{-}Ting Cheng and
	Roeland Nusselder},
	title     = {Latent Weights Do Not Exist: Rethinking Binarized Neural Network Optimization},
	journal   = {CoRR},
	volume    = {abs/1906.02107},
	year      = {2019},
	url       = {http://arxiv.org/abs/1906.02107},
	eprinttype = {arXiv},
	eprint    = {1906.02107},
	timestamp = {Thu, 13 Jun 2019 13:36:00 +0200},
	biburl    = {https://dblp.org/rec/journals/corr/abs-1906-02107.bib},
	bibsource = {dblp computer science bibliography, https://dblp.org}
}

@article{2,
author = {{Robin J. Wilson}},
title = {{Introduction to Graph theory}},
year = {1970}
}

@article{3,
author = {{Vegard Flovik}},
title = {{What is Graph Theory, and why should you care?}},
year = {12 Aug. 2020}
}

@book{4,
author = {{Jonathan L. Gross, Jay Yellen, Ping Zhang}},
title = {{Handbook of Graph Theory}},
year = {17 Dec. 2013}
}

@misc{5,
title = {{The C++ container library}},
howpublished = "\url{https://en.cppreference.com/w/cpp/container}",
year = {2011}
}


@book{6,
title = {{  Industrial Knowledge Management }},
year = {2001},
author = {{Rajkumar Roy}}
}

@book{7,
title = {{Clean Code}},
year = {2008},
author = {{Robert C. Martins}}
}

@article{8,
title = {{Practical algorithms for triangle computations in very large (sparse (power-law)) graphs}},
year = {2007},
author = {{Matthieu Latapy}}
}

@misc{9,
title = {{Data Leakage in Machine Learning: How it can be detected and minimize the risk}},
year = {2022},
author = {Prerna Singh},
howpublished = "\url{https://towardsdatascience.com/data-leakage-in-machine-learning-how-it-can-be-detected-and-minimize-the-risk-8ef4e3a97562}"
}

@misc{10,
title = {{What are RMSE and MAE?}},
year= {2022},
author= {Shwetha Acharya},
howpublished = "\url{https://towardsdatascience.com/what-are-rmse-and-mae-e405ce230383}"
}
@misc{11,
title={{Présentation générale de CRISP-DM}},
year={2017},
author={IBM},
howpublished="\url{https://www.ibm.com/docs/fr/spss-modeler/saas?topic=dm-crisp-help-overview}"
}
@misc{12,
	title={{THE MNIST DATABASE}},
	year={1998},
	author={Yann LeCun},
	howpublished="\url{http://yann.lecun.com/exdb/mnist}"
}
@misc{13,
	title={{Free Spoken Digits Dataset}},
	year={2019},
	author={Zohar Jackson},
	howpublished="\url{https://github.com/Jakobovski/free-spoken-digit-dataset}"
}