

@misk{1,
author = {{Eric W. Weisstein}},
title = {{Koenigsberg Bridge Problem}}

}
@article{2,
author = {{Robin J. Wilson}},
title = {{Introduction to Graph theory}},
year = {1970}
}

@article{3,
author = {{Vegard Flovik}},
title = {{What is Graph Theory, and why should you care?}},
year = {12 Aug. 2020}
}

@book{4,
author = {{Jonathan L. Gross, Jay Yellen, Ping Zhang}},
title = {{Handbook of Graph Theory}},
year = {17 Dec. 2013}
}

@misc{5,
title = {{The C++ container library}},
howpublished = "\url{https://en.cppreference.com/w/cpp/container}",
year = {2011}
}


@book{6,
title = {{  Industrial Knowledge Management }},
year = {2001},
author = {{Rajkumar Roy}}
}

@book{7,
title = {{Clean Code}},
year = {2008},
author = {{Robert C. Martins}}
}

@article{8,
title = {{Practical algorithms for triangle computations in very large (sparse (power-law)) graphs}},
year = {2007},
author = {{Matthieu Latapy}}
}

@misc{9,
title = {{Data Leakage in Machine Learning: How it can be detected and minimize the risk}},
year = {2022},
author = {Prerna Singh},
howpublished = "\url{https://towardsdatascience.com/data-leakage-in-machine-learning-how-it-can-be-detected-and-minimize-the-risk-8ef4e3a97562}"
}

@misc{10,
title = {{What are RMSE and MAE?}},
year= {2022},
author= {Shwetha Acharya},
howpublished = "\url{https://towardsdatascience.com/what-are-rmse-and-mae-e405ce230383}"
}